%% LaTeX2e file `references.bib'
%% generated by the `filecontents' environment
%% from source `inband-paper' on 2017/09/06.
%%
@misc{nasa,
    url = {https://www.grc.nasa.gov/www/k-12/airplane/drageq.html},
    journal ={NASA},
    publisher={NASA},
    author={NASA},
    month={May},
    year={2015},
    editor={Hall,Nancy}
}
@misc{mallick_2016,
    title={Home},
    url={https://www.learnopencv.com/rotation-matrix-to-euler-angles/},
    journal={Learn OpenCV},
    author={Mallick, Satya},
    year={2016},
    month={Jun}
}
@patent{whitmore,
    title={CLOSED-FORM INTEGRATOR FOR THE QUATERNION (EULER ANGLE)KINEMATICS EQUATIONS},
    number={6,061,611},
    year={1988},
    month={Jan},
    nationality={United States}
}
@INPROCEEDINGS{7330732,
    author={C. A. Pascucci and S. Bennani and A. Bemporad},
    booktitle={2015 European Control Conference (ECC)},
    title={Model predictive control for powered descent guidance and control},
    year={2015},
    volume={},
    number={},
    pages={1388-1393},
    keywords={aerospace computing;aircraft control;control engineering computing;
    predictive control;GNC systems;ascent phase;autonomy function;
    embedded spacecraft autonomy;ground control capabilities;
    guidance navigation and control system;
    high performance reusable ESA launch vehicles;mission responsiveness;
    model predictive control;onboard automation;pin-point landing features;
    powered descent guidance;real-time embedded MPC guidance;
    safety critical space missions;thrust vectored control;Aerodynamics;
    Gravity;Predictive models;Real-time systems;Rockets;Space vehicles},
    doi={10.1109/ECC.2015.7330732},
    ISSN={},
    month={July},
}
@ARTICLE{845037,
    author={J. B. Rawlings},
    journal={IEEE Control Systems},
    title={Tutorial overview of model predictive control},
    year={2000},
    volume={20},
    number={3},
    pages={38-52},
    keywords={control engineering education;linear systems;nonlinear systems;
    optimal control;predictive control;state estimation;state feedback;linear models;
    model predictive control;nonlinear models;optimal control;state estimation;
    state feedback;tutorial;Electrical equipment industry;Filtering theory;
    Linear systems;Nonlinear filters;Open loop systems;Predictive control;
    Predictive models;Programmable control;Regulators;Tutorial},
    doi={10.1109/37.845037},
    ISSN={1066-033X},
    month={Jun},
}
@manual{yost,
    organization={Yost Labs},
    title={3-Space Sensor LX},
    year={2017},
    url={https://yostlabs.com/the_downloads/manuals-and-downloads/3-Space-Sensor-Usermanual-Embedded-LX.pdf},
    note={},
}
